@misc{swiss_geo,
  title = {Switzerland municipalities},
  howpublished = {\url{https://raw.githubusercontent.com/lvonlanthen/data-map-d3/master/data/ch_municipalities.geojson}},
  note = {Accessed: 2017-11-29}
}

@misc{project_repo,
  title = {Project repository},
  howpublished = {\url{https://github.com/odorgergo/ada-rag/tree/master/project}},
}


@misc{pop_data,
  title = {Swiss population data},
  howpublished = {\url{https://www.bfs.admin.ch/bfs/en/home/statistics/population.assetdetail.3342066.html}},
  note = {Accessed: 2017-11-29}
}


@misc{fichter_swiss_nodate,
  title = {The {Swiss} politicians who have mastered {Twitter}},
  howpublished = {\url{https://www.swissinfo.ch/eng/directdemocracy/digital-democracy_the-swiss-politicians-who-have-mastered-twitter/42957464}},
  urldate = {2017-12-13},
  journal = {SWI swissinfo.ch},
  author = {Fichter, Adrienne},
}

@article{rauchfleisch_special_2016,
  title = {The special case of {Switzerland}: {Swiss} politicians on {Twitter}},
  volume = {18},
  shorttitle = {The special case of {Switzerland}},
  doi = {10.1177/1461444815586982},
  author = {Rauchfleisch, Adrian and Metag, Julia},
  month = nov,
  year = {2016},
  pages = {2413--2431},
}

@article{tw_useful,
  title = {Exploring the usefulness of Twitter data for political analysis in Switzerland - PRELIMINARY DRAFT!},
  author = {Mueller,Christian; Wueest,Bruno and Willi, Thomas},
  year = {2016},
  journal = {Paper prepared for the Annual Conference of the Swiss Political Science Association}, 
}

@misc{swiss_political_users,
  title = {The Swiss political users dataset},
  howpublished = {\url{https://docs.google.com/spreadsheets/d/1tXUh3ch1fw4Oa7PijB5fusQZFb3GLdGrlJTtIhNw7PY/edit#gid=437242465}},
}

@misc{swiss_pop_density,
  title = {The Swiss population density data},
  howpublished = {\url{https://www.atlas.bfs.admin.ch/maps/13/fr/12876_229_228_227/21239.html}},
}

